|j|☆TYX ISMA
|j|☆GajeelCMoiWsh
|t:|1685901157
|gametype|singles
|player|p1|TYX ISMA|buck|
|player|p2|GajeelCMoiWsh|2|
|teamsize|p1|6
|teamsize|p2|6
|gen|9
|tier|[Gen 9] OU
|rule|Sleep Clause Mod: Limit one foe put to sleep
|rule|Species Clause: Limit one of each Pokémon
|rule|OHKO Clause: OHKO moves are banned
|rule|Evasion Items Clause: Evasion items are banned
|rule|Evasion Moves Clause: Evasion moves are banned
|rule|Endless Battle Clause: Forcing endless battles is banned
|rule|HP Percentage Mod: HP is shown in percentages
|clearpoke
|poke|p1|Cinderace, F|
|poke|p1|Gholdengo|
|poke|p1|Goodra-Hisui, M|
|poke|p1|Chien-Pao|
|poke|p1|Enamorus, F|
|poke|p1|Flamigo, M|
|poke|p2|Urshifu-*, M|
|poke|p2|Pelipper, M|
|poke|p2|Basculegion-F, F|
|poke|p2|Amoonguss, M|
|poke|p2|Samurott-Hisui, M|
|poke|p2|Thundurus-Therian, M|
|teampreview
|
|t:|1685901194
|start
|switch|p1a: Amovétuste|Enamorus, F|100/100
|switch|p2a: Pelipper|Pelipper, M|100/100
|-weather|RainDance|[from] ability: Drizzle|[of] p2a: Pelipper
|turn|1
|
|t:|1685901207
|move|p1a: Amovétuste|Taunt|p2a: Pelipper
|-start|p2a: Pelipper|move: Taunt
|move|p2a: Pelipper|U-turn|p1a: Amovétuste
|-resisted|p1a: Amovétuste
|-damage|p1a: Amovétuste|97/100
|j| TYX Rsgame
|
|t:|1685901216
|switch|p2a: Thundurus|Thundurus-Therian, M|100/100|[from] U-turn
|
|-weather|RainDance|[upkeep]
|upkeep
|turn|2
|c|☆TYX ISMA|BONJOUR
|
|t:|1685901242
|switch|p1a: Pyrobutler|Cinderace, F|100/100
|move|p2a: Thundurus|Tera Blast|p1a: Pyrobutler
|-damage|p1a: Pyrobutler|57/100
|
|-weather|RainDance|[upkeep]
|upkeep
|turn|3
|
|t:|1685901256
|switch|p2a: Basculegion|Basculegion-F, F|100/100
|move|p1a: Pyrobutler|Pyro Ball|p2a: Basculegion
|-resisted|p2a: Basculegion
|-damage|p2a: Basculegion|82/100
|
|-weather|RainDance|[upkeep]
|upkeep
|turn|4
|
|t:|1685901279
|move|p2a: Basculegion|Ice Beam|p1a: Pyrobutler
|-resisted|p1a: Pyrobutler
|-damage|p1a: Pyrobutler|27/100
|move|p1a: Pyrobutler|U-turn|p2a: Basculegion
|-start|p1a: Pyrobutler|typechange|Bug|[from] ability: Libero
|-resisted|p2a: Basculegion
|-damage|p2a: Basculegion|62/100
|
|t:|1685901288
|switch|p1a: Flamenroulibre|Flamigo, M|100/100|[from] U-turn
|
|-weather|RainDance|[upkeep]
|upkeep
|turn|5
|
|t:|1685901322
|switch|p2a: Thundurus|Thundurus-Therian, M|100/100
|move|p1a: Flamenroulibre|Brave Bird|p2a: Thundurus
|-resisted|p2a: Thundurus
|-damage|p2a: Thundurus|55/100
|-damage|p1a: Flamenroulibre|85/100|[from] Recoil
|
|-weather|RainDance|[upkeep]
|-heal|p2a: Thundurus|62/100|[from] item: Leftovers
|upkeep
|turn|6
|
|t:|1685901342
|switch|p1a: Muplodocustom|Goodra-Hisui, M|100/100
|move|p2a: Thundurus|Thunder|p1a: Muplodocustom
|-resisted|p1a: Muplodocustom
|-crit|p1a: Muplodocustom
|-damage|p1a: Muplodocustom|76/100
|
|-weather|RainDance|[upkeep]
|-heal|p2a: Thundurus|68/100|[from] item: Leftovers
|-heal|p1a: Muplodocustom|82/100|[from] item: Leftovers
|upkeep
|turn|7
|
|t:|1685901378
|move|p2a: Thundurus|Substitute|p2a: Thundurus
|-start|p2a: Thundurus|Substitute
|-damage|p2a: Thundurus|43/100
|move|p1a: Muplodocustom|Body Press|p2a: Thundurus
|-resisted|p2a: Thundurus
|-activate|p2a: Thundurus|move: Substitute|[damage]
|
|-weather|RainDance|[upkeep]
|-heal|p2a: Thundurus|49/100|[from] item: Leftovers
|-heal|p1a: Muplodocustom|88/100|[from] item: Leftovers
|upkeep
|turn|8
|
|t:|1685901415
|switch|p1a: Flamenroulibre|Flamigo, M|85/100
|move|p2a: Thundurus|Tera Blast|p1a: Flamenroulibre
|-damage|p1a: Flamenroulibre|37/100
|
|-weather|none
|-heal|p2a: Thundurus|55/100|[from] item: Leftovers
|upkeep
|turn|9
|
|t:|1685901429
|-terastallize|p2a: Thundurus|Ice
|move|p1a: Flamenroulibre|U-turn|p2a: Thundurus
|-end|p2a: Thundurus|Substitute
|
|t:|1685901435
|switch|p1a: Muplodocustom|Goodra-Hisui, M|88/100|[from] U-turn
|move|p2a: Thundurus|Tera Blast|p1a: Muplodocustom
|-damage|p1a: Muplodocustom|64/100
|
|-heal|p2a: Thundurus|61/100|[from] item: Leftovers
|-heal|p1a: Muplodocustom|70/100|[from] item: Leftovers
|upkeep
|turn|10
|
|t:|1685901453
|move|p2a: Thundurus|Tera Blast|p1a: Muplodocustom
|-damage|p1a: Muplodocustom|47/100
|move|p1a: Muplodocustom|Body Press|p2a: Thundurus
|-supereffective|p2a: Thundurus
|-damage|p2a: Thundurus|10/100
|
|-heal|p2a: Thundurus|16/100|[from] item: Leftovers
|-heal|p1a: Muplodocustom|53/100|[from] item: Leftovers
|upkeep
|turn|11
|
|t:|1685901475
|move|p2a: Thundurus|Thunder|p1a: Muplodocustom
|-resisted|p1a: Muplodocustom
|-damage|p1a: Muplodocustom|38/100
|move|p1a: Muplodocustom|Rest|p1a: Muplodocustom
|-status|p1a: Muplodocustom|slp|[from] move: Rest
|-heal|p1a: Muplodocustom|100/100 slp|[silent]
|
|-heal|p2a: Thundurus|22/100|[from] item: Leftovers
|upkeep
|turn|12
|
|t:|1685901484
|move|p2a: Thundurus|Tera Blast|p1a: Muplodocustom
|-damage|p1a: Muplodocustom|77/100 slp
|cant|p1a: Muplodocustom|slp
|
|-heal|p2a: Thundurus|28/100|[from] item: Leftovers
|-heal|p1a: Muplodocustom|83/100 slp|[from] item: Leftovers
|upkeep
|turn|13
|
|t:|1685901492
|move|p2a: Thundurus|Tera Blast|p1a: Muplodocustom
|-damage|p1a: Muplodocustom|61/100 slp
|cant|p1a: Muplodocustom|slp
|
|-heal|p2a: Thundurus|34/100|[from] item: Leftovers
|-heal|p1a: Muplodocustom|67/100 slp|[from] item: Leftovers
|upkeep
|turn|14
|
|t:|1685901500
|move|p2a: Thundurus|Tera Blast|p1a: Muplodocustom
|-damage|p1a: Muplodocustom|46/100 slp
|-curestatus|p1a: Muplodocustom|slp|[msg]
|move|p1a: Muplodocustom|Body Press|p2a: Thundurus
|-supereffective|p2a: Thundurus
|-damage|p2a: Thundurus|0 fnt
|faint|p2a: Thundurus
|
|-heal|p1a: Muplodocustom|52/100|[from] item: Leftovers
|upkeep
|
|t:|1685901517
|switch|p2a: Urshifu|Urshifu-Rapid-Strike, M|100/100
|turn|15
|
|t:|1685901527
|move|p2a: Urshifu|U-turn|p1a: Muplodocustom
|-resisted|p1a: Muplodocustom
|-crit|p1a: Muplodocustom
|-damage|p1a: Muplodocustom|35/100
|
|t:|1685901586
|switch|p2a: Pelipper|Pelipper, M|100/100|[from] U-turn
|-weather|RainDance|[from] ability: Drizzle|[of] p2a: Pelipper
|move|p1a: Muplodocustom|Acid Armor|p1a: Muplodocustom
|-boost|p1a: Muplodocustom|def|2
|
|-weather|RainDance|[upkeep]
|-heal|p1a: Muplodocustom|41/100|[from] item: Leftovers
|upkeep
|turn|16
|
|t:|1685901611
|move|p1a: Muplodocustom|Body Press|p2a: Pelipper
|-resisted|p2a: Pelipper
|-damage|p2a: Pelipper|86/100
|move|p2a: Pelipper|Surf|p1a: Muplodocustom
|-resisted|p1a: Muplodocustom
|-damage|p1a: Muplodocustom|30/100
|
|-weather|RainDance|[upkeep]
|-heal|p1a: Muplodocustom|36/100|[from] item: Leftovers
|upkeep
|turn|17
|
|t:|1685901620
|move|p1a: Muplodocustom|Rest|p1a: Muplodocustom
|-status|p1a: Muplodocustom|slp|[from] move: Rest
|-heal|p1a: Muplodocustom|100/100 slp|[silent]
|move|p2a: Pelipper|U-turn|p1a: Muplodocustom
|-resisted|p1a: Muplodocustom
|-damage|p1a: Muplodocustom|98/100 slp
|
|t:|1685901638
|switch|p2a: Urshifu|Urshifu-Rapid-Strike, M|100/100|[from] U-turn
|
|-weather|RainDance|[upkeep]
|-heal|p1a: Muplodocustom|100/100 slp|[from] item: Leftovers
|upkeep
|turn|18
|
|t:|1685901646
|move|p2a: Urshifu|Close Combat|p1a: Muplodocustom
|-supereffective|p1a: Muplodocustom
|-damage|p1a: Muplodocustom|40/100 slp
|-unboost|p2a: Urshifu|def|1
|-unboost|p2a: Urshifu|spd|1
|cant|p1a: Muplodocustom|slp
|
|-weather|RainDance|[upkeep]
|-heal|p1a: Muplodocustom|46/100 slp|[from] item: Leftovers
|upkeep
|turn|19
|
|t:|1685901662
|switch|p1a: Gromagobelet|Gholdengo|100/100
|move|p2a: Urshifu|Close Combat|p1a: Gromagobelet
|-immune|p1a: Gromagobelet
|
|-weather|RainDance|[upkeep]
|upkeep
|turn|20
|
|t:|1685901701
|switch|p2a: Samurott|Samurott-Hisui, M|100/100
|move|p1a: Gromagobelet|Nasty Plot|p1a: Gromagobelet
|-boost|p1a: Gromagobelet|spa|2
|
|-weather|RainDance|[upkeep]
|upkeep
|turn|21
|
|t:|1685901730
|move|p2a: Samurott|Ceaseless Edge|p1a: Gromagobelet
|-supereffective|p1a: Gromagobelet
|-damage|p1a: Gromagobelet|38/100
|-sidestart|p1: TYX ISMA|Spikes
|move|p1a: Gromagobelet|Hex|p2a: Samurott
|-resisted|p2a: Samurott
|-damage|p2a: Samurott|54/100
|
|-weather|RainDance|[upkeep]
|-heal|p1a: Gromagobelet|44/100|[from] item: Leftovers
|upkeep
|turn|22
|
|t:|1685901742
|move|p2a: Samurott|Ceaseless Edge|p1a: Gromagobelet
|-supereffective|p1a: Gromagobelet
|-damage|p1a: Gromagobelet|0 fnt
|-sidestart|p1: TYX ISMA|Spikes
|faint|p1a: Gromagobelet
|
|-weather|none
|upkeep
|
|t:|1685901763
|switch|p1a: Amovétuste|Enamorus, F|97/100
|turn|23
|
|t:|1685901799
|switch|p2a: Basculegion|Basculegion-F, F|62/100
|move|p1a: Amovétuste|Play Rough|p2a: Basculegion
|-damage|p2a: Basculegion|5/100
|
|upkeep
|turn|24
|
|t:|1685901820
|move|p1a: Amovétuste|Play Rough|p2a: Basculegion
|-damage|p2a: Basculegion|0 fnt
|faint|p2a: Basculegion
|
|upkeep
|
|t:|1685901827
|switch|p2a: Amoonguss|Amoonguss, M|100/100
|turn|25
|
|t:|1685901836
|move|p1a: Amovétuste|Taunt|p2a: Amoonguss
|-start|p2a: Amoonguss|move: Taunt
|cant|p2a: Amoonguss|move: Taunt|Spore
|
|upkeep
|turn|26
|
|t:|1685901859
|-terastallize|p1a: Amovétuste|Ground
|move|p1a: Amovétuste|Play Rough|p2a: Amoonguss
|-resisted|p2a: Amoonguss
|-damage|p2a: Amoonguss|85/100
|-unboost|p2a: Amoonguss|atk|1
|-damage|p1a: Amovétuste|80/100|[from] item: Rocky Helmet|[of] p2a: Amoonguss
|move|p2a: Amoonguss|Sludge Bomb|p1a: Amovétuste
|-resisted|p1a: Amovétuste
|-damage|p1a: Amovétuste|60/100
|-status|p1a: Amovétuste|psn
|
|-damage|p1a: Amovétuste|47/100 psn|[from] psn
|upkeep
|turn|27
|
|t:|1685901879
|move|p1a: Amovétuste|Superpower|p2a: Amoonguss
|-resisted|p2a: Amoonguss
|-damage|p2a: Amoonguss|71/100
|-boost|p1a: Amovétuste|atk|1
|-boost|p1a: Amovétuste|def|1
|-damage|p1a: Amovétuste|31/100 psn|[from] item: Rocky Helmet|[of] p2a: Amoonguss
|move|p2a: Amoonguss|Giga Drain|p1a: Amovétuste
|-supereffective|p1a: Amovétuste
|-damage|p1a: Amovétuste|0 fnt
|-heal|p2a: Amoonguss|81/100|[from] drain|[of] p1a: Amovétuste
|faint|p1a: Amovétuste
|
|-end|p2a: Amoonguss|move: Taunt
|upkeep
|
|t:|1685901895
|switch|p1a: Pyrobutler|Cinderace, F|27/100
|turn|28
|
|t:|1685901901
|move|p1a: Pyrobutler|Pyro Ball|p2a: Amoonguss
|-supereffective|p2a: Amoonguss
|-damage|p2a: Amoonguss|0 fnt
|faint|p2a: Amoonguss
|
|upkeep
|
|t:|1685901919
|switch|p2a: Samurott|Samurott-Hisui, M|54/100
|turn|29
|
|t:|1685901944
|move|p2a: Samurott|Sacred Sword|p1a: Pyrobutler
|-damage|p1a: Pyrobutler|0 fnt
|faint|p1a: Pyrobutler
|
|upkeep
|
|t:|1685901960
|switch|p1a: Obanija|Chien-Pao|100/100
|-ability|p1a: Obanija|Sword of Ruin
|turn|30
|
|t:|1685901967
|move|p2a: Samurott|Sacred Sword|p1a: Obanija
|-supereffective|p1a: Obanija
|-damage|p1a: Obanija|0 fnt
|faint|p1a: Obanija
|
|upkeep
|
|t:|1685901974
|switch|p1a: Flamenroulibre|Flamigo, M|37/100
|turn|31
|
|t:|1685901980
|move|p1a: Flamenroulibre|Close Combat|p2a: Samurott
|-supereffective|p2a: Samurott
|-damage|p2a: Samurott|0 fnt
|-unboost|p1a: Flamenroulibre|def|1
|-unboost|p1a: Flamenroulibre|spd|1
|faint|p2a: Samurott
|
|upkeep
|
|t:|1685901987
|switch|p2a: Urshifu|Urshifu-Rapid-Strike, M|100/100
|turn|32
|
|t:|1685902046
|move|p2a: Urshifu|Close Combat|p1a: Flamenroulibre
|-resisted|p1a: Flamenroulibre
|-damage|p1a: Flamenroulibre|0 fnt
|-unboost|p2a: Urshifu|def|1
|-unboost|p2a: Urshifu|spd|1
|faint|p1a: Flamenroulibre
|
|upkeep
|
|t:|1685902052
|switch|p1a: Muplodocustom|Goodra-Hisui, M|46/100 slp
|-damage|p1a: Muplodocustom|29/100 slp|[from] Spikes
|turn|33
|
|t:|1685902059
|move|p2a: Urshifu|Close Combat|p1a: Muplodocustom
|-supereffective|p1a: Muplodocustom
|-crit|p1a: Muplodocustom
|-damage|p1a: Muplodocustom|0 fnt
|-unboost|p2a: Urshifu|def|1
|-unboost|p2a: Urshifu|spd|1
|faint|p1a: Muplodocustom
|
|win|GajeelCMoiWsh
|l|☆TYX ISMA
|l| TYX Rsgame
