|j|☆KingBOW
|j|☆st0rmyzilla
|t:|1685885406
|gametype|singles
|player|p1|KingBOW|benga|1140
|player|p2|st0rmyzilla|mars|1186
|teamsize|p1|6
|teamsize|p2|6
|gen|9
|tier|[Gen 9] OU
|rated|
|rule|Sleep Clause Mod: Limit one foe put to sleep
|rule|Species Clause: Limit one of each Pokémon
|rule|OHKO Clause: OHKO moves are banned
|rule|Evasion Items Clause: Evasion items are banned
|rule|Evasion Moves Clause: Evasion moves are banned
|rule|Endless Battle Clause: Forcing endless battles is banned
|rule|HP Percentage Mod: HP is shown in percentages
|clearpoke
|poke|p1|Lilligant-Hisui, F|
|poke|p1|Magearna|
|poke|p1|Volcarona, M|
|poke|p1|Great Tusk|
|poke|p1|Dragapult, F|
|poke|p1|Garganacl, M|
|poke|p2|Magearna|
|poke|p2|Samurott-Hisui, M|
|poke|p2|Typhlosion-Hisui, M|
|poke|p2|Landorus-Therian, M|
|poke|p2|Slowking, M|
|poke|p2|Iron Valiant|
|teampreview
|inactive|Battle timer is ON: inactive players will automatically lose when time's up. (requested by KingBOW)
|
|t:|1685885414
|start
|switch|p1a: Dragapult|Dragapult, F|100/100
|switch|p2a: Samurott|Samurott-Hisui, M|100/100
|turn|1
|
|t:|1685885419
|move|p1a: Dragapult|Will-O-Wisp|p2a: Samurott
|-status|p2a: Samurott|brn
|move|p2a: Samurott|Ceaseless Edge|p1a: Dragapult
|-supereffective|p1a: Dragapult
|-damage|p1a: Dragapult|31/100
|-sidestart|p1: KingBOW|Spikes
|-damage|p2a: Samurott|91/100 brn|[from] item: Life Orb
|
|-damage|p2a: Samurott|84/100 brn|[from] brn
|upkeep
|turn|2
|
|t:|1685885425
|switch|p1a: Great Tusk|Great Tusk|100/100
|-damage|p1a: Great Tusk|88/100|[from] Spikes
|move|p2a: Samurott|Ceaseless Edge|p1a: Great Tusk|[miss]
|-miss|p2a: Samurott|p1a: Great Tusk
|
|-heal|p1a: Great Tusk|94/100|[from] item: Leftovers
|-damage|p2a: Samurott|78/100 brn|[from] brn
|upkeep
|turn|3
|
|t:|1685885431
|switch|p2a: Magearna|Magearna|100/100
|move|p1a: Great Tusk|Earthquake|p2a: Magearna
|-supereffective|p2a: Magearna
|-crit|p2a: Magearna
|-damage|p2a: Magearna|0 fnt
|faint|p2a: Magearna
|
|-heal|p1a: Great Tusk|100/100|[from] item: Leftovers
|upkeep
|
|t:|1685885443
|switch|p2a: Typhlosion|Typhlosion-Hisui, M|100/100
|turn|4
|
|t:|1685885449
|-end|p1a: Great Tusk|Protosynthesis|[silent]
|switch|p1a: Garganacl|Garganacl, M|100/100
|-damage|p1a: Garganacl|88/100|[from] Spikes
|move|p2a: Typhlosion|Eruption|p1a: Garganacl
|-resisted|p1a: Garganacl
|-damage|p1a: Garganacl|61/100
|
|-heal|p1a: Garganacl|68/100|[from] item: Leftovers
|upkeep
|turn|5
|
|t:|1685885456
|switch|p2a: Landorus|Landorus-Therian, M|100/100
|-ability|p2a: Landorus|Intimidate|boost
|-unboost|p1a: Garganacl|atk|1
|move|p1a: Garganacl|Recover|p1a: Garganacl
|-heal|p1a: Garganacl|100/100
|
|upkeep
|turn|6
|
|t:|1685885462
|switch|p1a: Great Tusk|Great Tusk|100/100
|-damage|p1a: Great Tusk|88/100|[from] Spikes
|move|p2a: Landorus|Earthquake|p1a: Great Tusk
|-damage|p1a: Great Tusk|53/100
|
|-heal|p1a: Great Tusk|59/100|[from] item: Leftovers
|upkeep
|turn|7
|
|t:|1685885471
|switch|p2a: Samurott|Samurott-Hisui, M|78/100 brn
|move|p1a: Great Tusk|Rapid Spin|p2a: Samurott
|-damage|p2a: Samurott|58/100 brn
|-boost|p1a: Great Tusk|spe|1
|-sideend|p1: KingBOW|Spikes|[from] move: Rapid Spin|[of] p1a: Great Tusk
|
|-heal|p1a: Great Tusk|65/100|[from] item: Leftovers
|-damage|p2a: Samurott|52/100 brn|[from] brn
|upkeep
|turn|8
|
|t:|1685885474
|move|p1a: Great Tusk|Close Combat|p2a: Samurott
|-supereffective|p2a: Samurott
|-crit|p2a: Samurott
|-damage|p2a: Samurott|0 fnt
|-unboost|p1a: Great Tusk|def|1
|-unboost|p1a: Great Tusk|spd|1
|faint|p2a: Samurott
|
|-heal|p1a: Great Tusk|71/100|[from] item: Leftovers
|upkeep
|
|t:|1685885476
|switch|p2a: Iron Valiant|Iron Valiant|100/100
|-enditem|p2a: Iron Valiant|Booster Energy
|-activate|p2a: Iron Valiant|ability: Quark Drive|[fromitem]
|-start|p2a: Iron Valiant|quarkdrivespe
|turn|9
|
|t:|1685885484
|-end|p1a: Great Tusk|Protosynthesis|[silent]
|switch|p1a: Dragapult|Dragapult, F|31/100
|move|p2a: Iron Valiant|Swords Dance|p2a: Iron Valiant
|-boost|p2a: Iron Valiant|atk|2
|
|upkeep
|turn|10
|
|t:|1685885489
|move|p2a: Iron Valiant|Spirit Break|p1a: Dragapult
|-supereffective|p1a: Dragapult
|-damage|p1a: Dragapult|0 fnt
|faint|p1a: Dragapult
|
|upkeep
|
|t:|1685885493
|switch|p1a: Garganacl|Garganacl, M|100/100
|turn|11
|
|t:|1685885495
|move|p2a: Iron Valiant|Close Combat|p1a: Garganacl
|-supereffective|p1a: Garganacl
|-damage|p1a: Garganacl|0 fnt
|-unboost|p2a: Iron Valiant|def|1
|-unboost|p2a: Iron Valiant|spd|1
|faint|p1a: Garganacl
|
|upkeep
|
|t:|1685885506
|switch|p1a: Magearna|Magearna|100/100
|turn|12
|
|t:|1685885512
|-terastallize|p1a: Magearna|Ghost
|move|p2a: Iron Valiant|Close Combat|p1a: Magearna
|-immune|p1a: Magearna
|move|p1a: Magearna|Fleur Cannon|p2a: Iron Valiant
|-supereffective|p2a: Iron Valiant
|-crit|p2a: Iron Valiant
|-damage|p2a: Iron Valiant|0 fnt
|-unboost|p1a: Magearna|spa|2
|faint|p2a: Iron Valiant
|-ability|p1a: Magearna|Soul-Heart|boost
|-boost|p1a: Magearna|spa|1
|-end|p2a: Iron Valiant|Quark Drive|[silent]
|-damage|p1a: Magearna|91/100|[from] item: Life Orb
|
|upkeep
|
|t:|1685885514
|switch|p2a: Typhlosion|Typhlosion-Hisui, M|100/100
|turn|13
|
|t:|1685885528
|move|p2a: Typhlosion|Shadow Ball|p1a: Magearna
|-supereffective|p1a: Magearna
|-damage|p1a: Magearna|15/100
|-unboost|p1a: Magearna|spd|1
|move|p1a: Magearna|Fleur Cannon|p2a: Typhlosion
|-resisted|p2a: Typhlosion
|-damage|p2a: Typhlosion|58/100
|-unboost|p1a: Magearna|spa|2
|-damage|p1a: Magearna|5/100|[from] item: Life Orb
|
|upkeep
|turn|14
|
|t:|1685885532
|move|p2a: Typhlosion|Shadow Ball|p1a: Magearna
|-supereffective|p1a: Magearna
|-damage|p1a: Magearna|0 fnt
|faint|p1a: Magearna
|
|upkeep
|
|t:|1685885535
|switch|p1a: Volcarona|Volcarona, M|100/100
|turn|15
|
|t:|1685885538
|switch|p2a: Slowking|Slowking, M|100/100
|move|p1a: Volcarona|Quiver Dance|p1a: Volcarona
|-boost|p1a: Volcarona|spa|1
|-boost|p1a: Volcarona|spd|1
|-boost|p1a: Volcarona|spe|1
|
|upkeep
|turn|16
|
|t:|1685885542
|move|p1a: Volcarona|Giga Drain|p2a: Slowking
|-supereffective|p2a: Slowking
|-damage|p2a: Slowking|55/100
|move|p2a: Slowking|Thunder Wave|p1a: Volcarona|[miss]
|-miss|p2a: Slowking|p1a: Volcarona
|
|upkeep
|turn|17
|
|t:|1685885548
|move|p1a: Volcarona|Bug Buzz|p2a: Slowking
|-supereffective|p2a: Slowking
|-damage|p2a: Slowking|0 fnt
|faint|p2a: Slowking
|
|upkeep
|
|t:|1685885550
|switch|p2a: Typhlosion|Typhlosion-Hisui, M|58/100
|turn|18
|
|t:|1685885558
|move|p1a: Volcarona|Fiery Dance|p2a: Typhlosion
|-resisted|p2a: Typhlosion
|-damage|p2a: Typhlosion|17/100
|move|p2a: Typhlosion|Flamethrower|p1a: Volcarona
|-damage|p1a: Volcarona|51/100
|
|upkeep
|turn|19
|
|t:|1685885563
|move|p1a: Volcarona|Fiery Dance|p2a: Typhlosion
|-resisted|p2a: Typhlosion
|-damage|p2a: Typhlosion|0 fnt
|-boost|p1a: Volcarona|spa|1
|faint|p2a: Typhlosion
|
|upkeep
|
|t:|1685885565
|switch|p2a: Landorus|Landorus-Therian, M|100/100
|-ability|p2a: Landorus|Intimidate|boost
|-unboost|p1a: Volcarona|atk|1
|turn|20
|c|☆KingBOW|Gg
|c|☆st0rmyzilla|gg
|
|t:|1685885576
|move|p1a: Volcarona|Fiery Dance|p2a: Landorus
|-damage|p2a: Landorus|0 fnt
|faint|p2a: Landorus
|
|win|KingBOW
|raw|KingBOW's rating: 1140 → 1168(+28 for winning)
|raw|st0rmyzilla's rating: 1186 → 1158(-28 for losing)
