|j|☆Treantomologist
|j|☆cabforpitt
|t:|1685916169
|gametype|singles
|player|p1|Treantomologist|guitarist|
|player|p2|cabforpitt|1|
|teamsize|p1|6
|teamsize|p2|6
|gen|9
|tier|[Gen 9] OU
|rule|Sleep Clause Mod: Limit one foe put to sleep
|rule|Species Clause: Limit one of each Pokémon
|rule|OHKO Clause: OHKO moves are banned
|rule|Evasion Items Clause: Evasion items are banned
|rule|Evasion Moves Clause: Evasion moves are banned
|rule|Endless Battle Clause: Forcing endless battles is banned
|rule|HP Percentage Mod: HP is shown in percentages
|clearpoke
|poke|p1|Gholdengo|
|poke|p1|Hydreigon, F|
|poke|p1|Ursaluna, F|
|poke|p1|Kingambit, M|
|poke|p1|Urshifu-*, M|
|poke|p1|Glimmora, F|
|poke|p2|Ursaluna, M|
|poke|p2|Magearna|
|poke|p2|Dragapult, M|
|poke|p2|Kleavor, M|
|poke|p2|Zamazenta-*|
|poke|p2|Volcarona, F|
|teampreview
|inactive|Battle timer is ON: inactive players will automatically lose when time's up. (requested by Treantomologist)
|
|t:|1685916198
|start
|switch|p1a: Glimmora|Glimmora, F|100/100
|switch|p2a: Kleavor|Kleavor, M|100/100
|turn|1
|
|t:|1685916224
|move|p2a: Kleavor|Stone Axe|p1a: Glimmora
|-damage|p1a: Glimmora|44/100
|-sidestart|p1: Treantomologist|move: Stealth Rock
|-activate|p1a: Glimmora|ability: Toxic Debris
|-sidestart|p2: cabforpitt|move: Toxic Spikes
|move|p1a: Glimmora|Stealth Rock|p2a: Kleavor
|-sidestart|p2: cabforpitt|move: Stealth Rock
|
|upkeep
|turn|2
|
|t:|1685916233
|switch|p1a: Urshifu|Urshifu-Rapid-Strike, M|100/100
|-damage|p1a: Urshifu|94/100|[from] Stealth Rock
|move|p2a: Kleavor|Stone Axe|p1a: Urshifu
|-resisted|p1a: Urshifu
|-damage|p1a: Urshifu|68/100
|
|upkeep
|turn|3
|
|t:|1685916243
|switch|p2a: Dragapult|Dragapult, M|100/100
|-status|p2a: Dragapult|psn
|-damage|p2a: Dragapult|88/100 psn|[from] Stealth Rock
|move|p1a: Urshifu|Surging Strikes|p2a: Dragapult
|-resisted|p2a: Dragapult
|-crit|p2a: Dragapult
|-damage|p2a: Dragapult|74/100 psn
|-resisted|p2a: Dragapult
|-crit|p2a: Dragapult
|-damage|p2a: Dragapult|60/100 psn
|-resisted|p2a: Dragapult
|-crit|p2a: Dragapult
|-damage|p2a: Dragapult|46/100 psn
|-start|p1a: Urshifu|Disable|Surging Strikes|[from] ability: Cursed Body|[of] p2a: Dragapult
|-hitcount|p2a: Dragapult|3
|-damage|p1a: Urshifu|58/100|[from] item: Life Orb
|
|-damage|p2a: Dragapult|34/100 psn|[from] psn
|upkeep
|turn|4
|
|t:|1685916266
|switch|p1a: Kingambit|Kingambit, M|100/100
|-damage|p1a: Kingambit|94/100|[from] Stealth Rock
|move|p2a: Dragapult|Reflect|p2a: Dragapult
|-sidestart|p2: cabforpitt|Reflect
|
|-heal|p1a: Kingambit|100/100|[from] item: Leftovers
|-damage|p2a: Dragapult|21/100 psn|[from] psn
|upkeep
|turn|5
|
|t:|1685916274
|move|p2a: Dragapult|Will-O-Wisp|p1a: Kingambit
|-status|p1a: Kingambit|brn
|move|p1a: Kingambit|Swords Dance|p1a: Kingambit
|-boost|p1a: Kingambit|atk|2
|
|-damage|p2a: Dragapult|9/100 psn|[from] psn
|-damage|p1a: Kingambit|94/100 brn|[from] brn
|upkeep
|turn|6
|
|t:|1685916278
|move|p2a: Dragapult|Light Screen|p2a: Dragapult
|-sidestart|p2: cabforpitt|move: Light Screen
|move|p1a: Kingambit|Swords Dance|p1a: Kingambit
|-boost|p1a: Kingambit|atk|2
|
|-heal|p1a: Kingambit|100/100 brn|[from] item: Leftovers
|-damage|p2a: Dragapult|0 fnt|[from] psn
|faint|p2a: Dragapult
|-damage|p1a: Kingambit|94/100 brn|[from] brn
|upkeep
|
|t:|1685916283
|switch|p2a: Kleavor|Kleavor, M|100/100
|-status|p2a: Kleavor|psn
|-damage|p2a: Kleavor|76/100 psn|[from] Stealth Rock
|turn|7
|
|t:|1685916288
|move|p1a: Kingambit|Sucker Punch|p2a: Kleavor
|-damage|p2a: Kleavor|38/100 psn
|move|p2a: Kleavor|Brick Break|p1a: Kingambit
|-supereffective|p1a: Kingambit
|-damage|p1a: Kingambit|13/100 brn
|
|-heal|p1a: Kingambit|19/100 brn|[from] item: Leftovers
|-damage|p2a: Kleavor|26/100 psn|[from] psn
|-damage|p1a: Kingambit|13/100 brn|[from] brn
|upkeep
|turn|8
|
|t:|1685916303
|move|p1a: Kingambit|Sucker Punch|p2a: Kleavor
|-damage|p2a: Kleavor|0 fnt
|faint|p2a: Kleavor
|
|-heal|p1a: Kingambit|19/100 brn|[from] item: Leftovers
|-damage|p1a: Kingambit|13/100 brn|[from] brn
|upkeep
|
|t:|1685916308
|switch|p2a: Zamazenta|Zamazenta|100/100
|-status|p2a: Zamazenta|psn
|-damage|p2a: Zamazenta|94/100 psn|[from] Stealth Rock
|-ability|p2a: Zamazenta|Dauntless Shield|boost
|-boost|p2a: Zamazenta|def|1
|turn|9
|
|t:|1685916316
|move|p2a: Zamazenta|Body Press|p1a: Kingambit
|-supereffective|p1a: Kingambit
|-damage|p1a: Kingambit|0 fnt
|faint|p1a: Kingambit
|-end|p1a: Kingambit|fallenundefined|[silent]
|
|-heal|p2a: Zamazenta|100/100 psn|[from] item: Leftovers
|-damage|p2a: Zamazenta|88/100 psn|[from] psn
|upkeep
|
|t:|1685916324
|switch|p1a: Glimmora|Glimmora, F|44/100
|-damage|p1a: Glimmora|32/100|[from] Stealth Rock
|turn|10
|
|t:|1685916331
|move|p2a: Zamazenta|Body Press|p1a: Glimmora
|-damage|p1a: Glimmora|0 fnt
|-activate|p1a: Glimmora|ability: Toxic Debris
|-sidestart|p2: cabforpitt|move: Toxic Spikes
|faint|p1a: Glimmora
|
|-heal|p2a: Zamazenta|94/100 psn|[from] item: Leftovers
|-damage|p2a: Zamazenta|82/100 psn|[from] psn
|upkeep
|
|t:|1685916343
|switch|p1a: Gholdengo|Gholdengo|100/100
|-damage|p1a: Gholdengo|94/100|[from] Stealth Rock
|turn|11
|
|t:|1685916352
|move|p1a: Gholdengo|Shadow Ball|p2a: Zamazenta
|-damage|p2a: Zamazenta|61/100 psn
|move|p2a: Zamazenta|Crunch|p1a: Gholdengo
|-supereffective|p1a: Gholdengo
|-damage|p1a: Gholdengo|49/100
|
|-heal|p2a: Zamazenta|67/100 psn|[from] item: Leftovers
|-damage|p2a: Zamazenta|55/100 psn|[from] psn
|-sideend|p2: cabforpitt|Reflect
|upkeep
|turn|12
|
|t:|1685916365
|switch|p2a: Ursaluna|Ursaluna, M|100/100
|-status|p2a: Ursaluna|tox
|-damage|p2a: Ursaluna|94/100 tox|[from] Stealth Rock
|move|p1a: Gholdengo|Shadow Ball|p2a: Ursaluna
|-immune|p2a: Ursaluna
|
|-damage|p2a: Ursaluna|88/100 tox|[from] psn
|upkeep
|turn|13
|
|t:|1685916371
|switch|p1a: Urshifu|Urshifu-Rapid-Strike, M|58/100
|-damage|p1a: Urshifu|52/100|[from] Stealth Rock
|move|p2a: Ursaluna|Facade|p1a: Urshifu
|-damage|p1a: Urshifu|0 fnt
|faint|p1a: Urshifu
|
|-damage|p2a: Ursaluna|75/100 tox|[from] psn
|-sideend|p2: cabforpitt|move: Light Screen
|upkeep
|
|t:|1685916378
|switch|p1a: Gholdengo|Gholdengo|49/100
|-damage|p1a: Gholdengo|43/100|[from] Stealth Rock
|turn|14
|
|t:|1685916383
|move|p1a: Gholdengo|Make It Rain|p2a: Ursaluna
|-damage|p2a: Ursaluna|15/100 tox
|-unboost|p1a: Gholdengo|spa|1
|move|p2a: Ursaluna|Earthquake|p1a: Gholdengo
|-supereffective|p1a: Gholdengo
|-damage|p1a: Gholdengo|0 fnt
|faint|p1a: Gholdengo
|
|-damage|p2a: Ursaluna|0 fnt|[from] psn
|faint|p2a: Ursaluna
|upkeep
|
|t:|1685916396
|switch|p1a: Hydreigon|Hydreigon, F|100/100
|switch|p2a: Zamazenta|Zamazenta|55/100 psn
|-damage|p2a: Zamazenta|49/100 psn|[from] Stealth Rock
|-damage|p1a: Hydreigon|88/100|[from] Stealth Rock
|turn|15
|
|t:|1685916401
|move|p2a: Zamazenta|Body Press|p1a: Hydreigon
|-supereffective|p1a: Hydreigon
|-damage|p1a: Hydreigon|0 fnt
|faint|p1a: Hydreigon
|
|-heal|p2a: Zamazenta|55/100 psn|[from] item: Leftovers
|-damage|p2a: Zamazenta|43/100 psn|[from] psn
|upkeep
|
|t:|1685916412
|switch|p1a: Ursaluna|Ursaluna, F|100/100
|-damage|p1a: Ursaluna|94/100|[from] Stealth Rock
|turn|16
|
|t:|1685916426
|-terastallize|p1a: Ursaluna|Normal
|move|p2a: Zamazenta|Body Press|p1a: Ursaluna
|-supereffective|p1a: Ursaluna
|-damage|p1a: Ursaluna|37/100
|move|p1a: Ursaluna|Drain Punch|p2a: Zamazenta
|-damage|p2a: Zamazenta|22/100 psn
|-heal|p1a: Ursaluna|45/100|[from] drain|[of] p2a: Zamazenta
|
|-heal|p2a: Zamazenta|28/100 psn|[from] item: Leftovers
|-damage|p2a: Zamazenta|16/100 psn|[from] psn
|-status|p1a: Ursaluna|brn|[from] item: Flame Orb
|upkeep
|turn|17
|
|t:|1685916434
|move|p2a: Zamazenta|Body Press|p1a: Ursaluna
|-supereffective|p1a: Ursaluna
|-damage|p1a: Ursaluna|0 fnt
|faint|p1a: Ursaluna
|
|win|cabforpitt
|l|☆Treantomologist
|c|☆cabforpitt|ggs
|j|☆Treantomologist
|player|p1|Treantomologist|guitarist
|c|☆Treantomologist|gg
