|j|☆Papercl1p
|j|☆JudgeScrub
|t:|1685842824
|gametype|singles
|player|p1|Papercl1p|buck|1120
|player|p2|JudgeScrub|larry|1098
|teamsize|p1|6
|teamsize|p2|6
|gen|9
|tier|[Gen 9] OU
|rated|
|rule|Sleep Clause Mod: Limit one foe put to sleep
|rule|Species Clause: Limit one of each Pokémon
|rule|OHKO Clause: OHKO moves are banned
|rule|Evasion Items Clause: Evasion items are banned
|rule|Evasion Moves Clause: Evasion moves are banned
|rule|Endless Battle Clause: Forcing endless battles is banned
|rule|HP Percentage Mod: HP is shown in percentages
|clearpoke
|poke|p1|Toxapex, F|
|poke|p1|Ceruledge, F|
|poke|p1|Grimmsnarl, M|
|poke|p1|Chien-Pao|
|poke|p1|Great Tusk|
|poke|p1|Kingambit, F|
|poke|p2|Muk-Alola, M|
|poke|p2|Chesnaught, F|
|poke|p2|Landorus-Therian, M|
|poke|p2|Braviary-Hisui, M|
|poke|p2|Goodra-Hisui, M|
|poke|p2|Zoroark-Hisui, F|
|teampreview
|inactive|Battle timer is ON: inactive players will automatically lose when time's up. (requested by JudgeScrub)
|
|t:|1685842835
|start
|switch|p1a: mamo|Great Tusk|100/100
|switch|p2a: Landorus|Landorus-Therian, M|100/100
|-ability|p2a: Landorus|Intimidate|boost
|-unboost|p1a: mamo|atk|1
|turn|1
|
|t:|1685842847
|move|p2a: Landorus|Earthquake|p1a: mamo
|-damage|p1a: mamo|71/100
|move|p1a: mamo|Stealth Rock|p2a: Landorus
|-sidestart|p2: JudgeScrub|move: Stealth Rock
|
|upkeep
|turn|2
|
|t:|1685842868
|-end|p1a: mamo|Protosynthesis|[silent]
|switch|p1a: wally|Grimmsnarl, M, shiny|100/100
|move|p2a: Landorus|Stealth Rock|p1a: wally
|-sidestart|p1: Papercl1p|move: Stealth Rock
|
|upkeep
|turn|3
|
|t:|1685842874
|move|p1a: wally|Reflect|p1a: wally
|-sidestart|p1: Papercl1p|Reflect
|move|p2a: Landorus|U-turn|p1a: wally
|-damage|p1a: wally|85/100
|
|t:|1685842880
|switch|p2a: Goodra|Goodra-Hisui, M|100/100|[from] U-turn
|-damage|p2a: Goodra|94/100|[from] Stealth Rock
|
|upkeep
|turn|4
|
|t:|1685842885
|move|p1a: wally|Light Screen|p1a: wally
|-sidestart|p1: Papercl1p|move: Light Screen
|move|p2a: Goodra|Flash Cannon|p1a: wally
|-supereffective|p1a: wally
|-damage|p1a: wally|52/100
|
|upkeep
|turn|5
|
|t:|1685842894
|move|p1a: wally|Parting Shot|p2a: Goodra
|-unboost|p2a: Goodra|atk|1
|-unboost|p2a: Goodra|spa|1
|
|t:|1685842905
|switch|p1a: mamo|Great Tusk|71/100|[from] Parting Shot
|-damage|p1a: mamo|68/100|[from] Stealth Rock
|move|p2a: Goodra|Flash Cannon|p1a: mamo
|-damage|p1a: mamo|50/100
|
|upkeep
|turn|6
|
|t:|1685842916
|switch|p2a: Braviary|Braviary-Hisui, M|100/100
|move|p1a: mamo|Earthquake|p2a: Braviary
|-immune|p2a: Braviary
|
|upkeep
|turn|7
|
|t:|1685842927
|move|p1a: mamo|Rapid Spin|p2a: Braviary
|-damage|p2a: Braviary|85/100
|-boost|p1a: mamo|spe|1
|-sideend|p1: Papercl1p|Stealth Rock|[from] move: Rapid Spin|[of] p1a: mamo
|move|p2a: Braviary|Esper Wing|p1a: mamo
|-supereffective|p1a: mamo
|-damage|p1a: mamo|0 fnt
|faint|p1a: mamo
|-end|p1a: mamo|Protosynthesis|[silent]
|
|upkeep
|
|t:|1685842936
|switch|p1a: gen. talbot|Ceruledge, F|100/100
|turn|8
|
|t:|1685842942
|move|p1a: gen. talbot|Bulk Up|p1a: gen. talbot
|-boost|p1a: gen. talbot|atk|1
|-boost|p1a: gen. talbot|def|1
|move|p2a: Braviary|Defog|p1a: gen. talbot
|-unboost|p1a: gen. talbot|evasion|1
|-sideend|p1: Papercl1p|Reflect
|-sideend|p1: Papercl1p|move: Light Screen
|-sideend|p2: JudgeScrub|Stealth Rock|[from] move: Defog|[of] p2a: Braviary
|
|upkeep
|turn|9
|
|t:|1685842958
|switch|p2a: Muk|Muk-Alola, M|100/100
|move|p1a: gen. talbot|Bulk Up|p1a: gen. talbot
|-boost|p1a: gen. talbot|atk|1
|-boost|p1a: gen. talbot|def|1
|
|upkeep
|turn|10
|
|t:|1685842981
|move|p2a: Muk|Nasty Plot|p2a: Muk
|-boost|p2a: Muk|spa|2
|move|p1a: gen. talbot|Bitter Blade|p2a: Muk
|-enditem|p2a: Muk|Focus Sash
|-damage|p2a: Muk|1/100
|replace|p2a: Zoroark|Zoroark-Hisui, F
|-end|p2a: Zoroark|Illusion
|
|upkeep
|turn|11
|
|t:|1685843000
|-terastallize|p1a: gen. talbot|Grass
|move|p2a: Zoroark|Bitter Malice|p1a: gen. talbot
|-damage|p1a: gen. talbot|16/100
|-unboost|p1a: gen. talbot|atk|1
|move|p1a: gen. talbot|Bitter Blade|p2a: Zoroark
|-crit|p2a: Zoroark
|-damage|p2a: Zoroark|0 fnt
|-heal|p1a: gen. talbot|16/100|[from] drain|[of] p2a: Zoroark
|faint|p2a: Zoroark
|
|upkeep
|inactive|JudgeScrub has 120 seconds left.
|
|t:|1685843026
|switch|p2a: Landorus|Landorus-Therian, M|100/100
|-ability|p2a: Landorus|Intimidate|boost
|-unboost|p1a: gen. talbot|atk|1
|turn|12
|
|t:|1685843034
|switch|p1a: pex|Toxapex, F|100/100
|move|p2a: Landorus|U-turn|p1a: pex
|-resisted|p1a: pex
|-damage|p1a: pex|91/100
|
|t:|1685843043
|switch|p2a: Braviary|Braviary-Hisui, M|85/100|[from] U-turn
|
|upkeep
|turn|13
|
|t:|1685843051
|switch|p1a: king|Kingambit, F|100/100
|-activate|p1a: king|ability: Supreme Overlord
|-start|p1a: king|fallen1|[silent]
|move|p2a: Braviary|Esper Wing|p1a: king
|-immune|p1a: king
|
|upkeep
|turn|14
|
|t:|1685843065
|switch|p2a: Muk|Muk-Alola, M|100/100
|move|p1a: king|Kowtow Cleave|p2a: Muk
|-resisted|p2a: Muk
|-damage|p2a: Muk|73/100
|
|upkeep
|turn|15
|
|t:|1685843091
|-end|p1a: king|fallen1|[silent]
|switch|p1a: pex|Toxapex, F|100/100
|move|p2a: Muk|Knock Off|p1a: pex
|-damage|p1a: pex|66/100
|-enditem|p1a: pex|Assault Vest|[from] move: Knock Off|[of] p2a: Muk
|
|upkeep
|turn|16
|
|t:|1685843101
|switch|p2a: Braviary|Braviary-Hisui, M|85/100
|move|p1a: pex|Infestation|p2a: Braviary
|-damage|p2a: Braviary|81/100
|-activate|p2a: Braviary|move: Infestation|[of] p1a: pex
|
|-damage|p2a: Braviary|68/100|[from] move: Infestation|[partiallytrapped]
|upkeep
|turn|17
|
|t:|1685843114
|switch|p1a: king|Kingambit, F|100/100
|-activate|p1a: king|ability: Supreme Overlord
|-start|p1a: king|fallen1|[silent]
|move|p2a: Braviary|Esper Wing|p1a: king
|-immune|p1a: king
|
|-end|p2a: Braviary|Infestation|[partiallytrapped]|[silent]
|upkeep
|turn|18
|
|t:|1685843121
|switch|p2a: Landorus|Landorus-Therian, M|100/100
|-ability|p2a: Landorus|Intimidate|boost
|-unboost|p1a: king|atk|1
|move|p1a: king|Kowtow Cleave|p2a: Landorus
|-damage|p2a: Landorus|56/100
|
|upkeep
|turn|19
|
|t:|1685843131
|-end|p1a: king|fallen1|[silent]
|switch|p1a: wally|Grimmsnarl, M, shiny|52/100
|move|p2a: Landorus|Stealth Rock|p1a: wally
|-sidestart|p1: Papercl1p|move: Stealth Rock
|
|upkeep
|turn|20
|
|t:|1685843142
|move|p1a: wally|Reflect|p1a: wally
|-sidestart|p1: Papercl1p|Reflect
|move|p2a: Landorus|Earthquake|p1a: wally
|-damage|p1a: wally|19/100
|
|upkeep
|turn|21
|
|t:|1685843146
|move|p1a: wally|Parting Shot|p2a: Landorus
|-unboost|p2a: Landorus|atk|1
|-unboost|p2a: Landorus|spa|1
|
|t:|1685843149
|switch|p1a: gen. talbot|Ceruledge, F, tera:Grass|16/100|[from] Parting Shot
|-damage|p1a: gen. talbot|4/100|[from] Stealth Rock
|move|p2a: Landorus|Earthquake|p1a: gen. talbot
|-resisted|p1a: gen. talbot
|-damage|p1a: gen. talbot|0 fnt
|faint|p1a: gen. talbot
|
|upkeep
|
|t:|1685843160
|switch|p1a: kat|Chien-Pao|100/100
|-damage|p1a: kat|76/100|[from] Stealth Rock
|-ability|p1a: kat|Sword of Ruin
|turn|22
|
|t:|1685843171
|switch|p2a: Goodra|Goodra-Hisui, M|94/100
|move|p1a: kat|Ice Spinner|p2a: Goodra
|-damage|p2a: Goodra|29/100
|-damage|p1a: kat|59/100|[from] item: Rocky Helmet|[of] p2a: Goodra
|-ability|p2a: Goodra|Gooey
|-unboost|p1a: kat|spe|1
|-damage|p1a: kat|49/100|[from] item: Life Orb
|
|upkeep
|turn|23
|
|t:|1685843181
|move|p1a: kat|Ice Spinner|p2a: Goodra
|-damage|p2a: Goodra|0 fnt
|-damage|p1a: kat|32/100|[from] item: Rocky Helmet|[of] p2a: Goodra
|-ability|p2a: Goodra|Gooey
|-unboost|p1a: kat|spe|1
|faint|p2a: Goodra
|-damage|p1a: kat|22/100|[from] item: Life Orb
|
|upkeep
|
|t:|1685843189
|switch|p2a: Muk|Muk-Alola, M|73/100
|turn|24
|
|t:|1685843200
|switch|p1a: pex|Toxapex, F|99/100
|-damage|p1a: pex|87/100|[from] Stealth Rock
|-terastallize|p2a: Muk|Poison
|move|p2a: Muk|Knock Off|p1a: pex
|-damage|p1a: pex|75/100
|
|upkeep
|turn|25
|
|t:|1685843210
|switch|p2a: Braviary|Braviary-Hisui, M|68/100
|move|p1a: pex|Infestation|p2a: Braviary
|-damage|p2a: Braviary|64/100
|-activate|p2a: Braviary|move: Infestation|[of] p1a: pex
|
|-damage|p2a: Braviary|52/100|[from] move: Infestation|[partiallytrapped]
|upkeep
|turn|26
|
|t:|1685843218
|switch|p1a: king|Kingambit, F|100/100
|-damage|p1a: king|94/100|[from] Stealth Rock
|-activate|p1a: king|ability: Supreme Overlord
|-start|p1a: king|fallen2|[silent]
|move|p2a: Braviary|Dazzling Gleam|p1a: king
|-damage|p1a: king|74/100
|
|-end|p2a: Braviary|Infestation|[partiallytrapped]|[silent]
|upkeep
|turn|27
|
|t:|1685843231
|switch|p2a: Chesnaught|Chesnaught, F, shiny|100/100
|move|p1a: king|Kowtow Cleave|p2a: Chesnaught
|-resisted|p2a: Chesnaught
|-damage|p2a: Chesnaught|75/100
|
|-sideend|p1: Papercl1p|Reflect
|upkeep
|turn|28
|
|t:|1685843249
|-end|p1a: king|fallen2|[silent]
|switch|p1a: pex|Toxapex, F|100/100
|-damage|p1a: pex|88/100|[from] Stealth Rock
|move|p2a: Chesnaught|Substitute|p2a: Chesnaught
|-start|p2a: Chesnaught|Substitute
|-damage|p2a: Chesnaught|50/100
|
|upkeep
|turn|29
|
|t:|1685843256
|move|p2a: Chesnaught|Belly Drum||[still]
|-fail|p2a: Chesnaught
|move|p1a: pex|Ice Beam|p2a: Chesnaught
|-supereffective|p2a: Chesnaught
|-end|p2a: Chesnaught|Substitute
|
|upkeep
|turn|30
|
|t:|1685843263
|switch|p2a: Muk|Muk-Alola, M, tera:Poison|73/100
|move|p1a: pex|Ice Beam|p2a: Muk
|-damage|p2a: Muk|63/100
|
|upkeep
|turn|31
|
|t:|1685843271
|switch|p2a: Braviary|Braviary-Hisui, M|52/100
|move|p1a: pex|Infestation|p2a: Braviary
|-crit|p2a: Braviary
|-damage|p2a: Braviary|45/100
|-activate|p2a: Braviary|move: Infestation|[of] p1a: pex
|
|-damage|p2a: Braviary|33/100|[from] move: Infestation|[partiallytrapped]
|upkeep
|turn|32
|
|t:|1685843278
|move|p2a: Braviary|Dazzling Gleam|p1a: pex
|-resisted|p1a: pex
|-damage|p1a: pex|76/100
|move|p1a: pex|Ice Beam|p2a: Braviary
|-supereffective|p2a: Braviary
|-damage|p2a: Braviary|0 fnt
|faint|p2a: Braviary
|
|upkeep
|
|t:|1685843282
|switch|p2a: Landorus|Landorus-Therian, M|56/100
|-ability|p2a: Landorus|Intimidate|boost
|-unboost|p1a: pex|atk|1
|turn|33
|
|t:|1685843288
|move|p2a: Landorus|Earthquake|p1a: pex
|-supereffective|p1a: pex
|-damage|p1a: pex|0 fnt
|faint|p1a: pex
|
|upkeep
|
|t:|1685843292
|switch|p1a: kat|Chien-Pao|22/100
|-damage|p1a: kat|0 fnt|[from] Stealth Rock
|faint|p1a: kat
|
|t:|1685843298
|switch|p1a: wally|Grimmsnarl, M, shiny|19/100
|-damage|p1a: wally|7/100|[from] Stealth Rock
|turn|34
|
|t:|1685843307
|move|p1a: wally|Reflect|p1a: wally
|-sidestart|p1: Papercl1p|Reflect
|move|p2a: Landorus|Earthquake|p1a: wally
|-damage|p1a: wally|0 fnt
|faint|p1a: wally
|
|upkeep
|
|t:|1685843310
|switch|p1a: king|Kingambit, F|74/100
|-damage|p1a: king|68/100|[from] Stealth Rock
|-activate|p1a: king|ability: Supreme Overlord
|-start|p1a: king|fallen5|[silent]
|turn|35
|
|t:|1685843319
|move|p1a: king|Sucker Punch|p2a: Landorus
|-damage|p2a: Landorus|0 fnt
|faint|p2a: Landorus
|
|upkeep
|
|t:|1685843328
|switch|p2a: Chesnaught|Chesnaught, F, shiny|50/100
|turn|36
|
|t:|1685843335
|move|p2a: Chesnaught|Drain Punch|p1a: king
|-supereffective|p1a: king
|-damage|p1a: king|20/100
|-heal|p2a: Chesnaught|76/100|[from] drain|[of] p1a: king
|move|p1a: king|Low Kick|p2a: Chesnaught
|-damage|p2a: Chesnaught|33/100
|
|upkeep
|turn|37
|
|t:|1685843342
|move|p2a: Chesnaught|Drain Punch|p1a: king
|-supereffective|p1a: king
|-damage|p1a: king|0 fnt
|-heal|p2a: Chesnaught|43/100|[from] drain|[of] p1a: king
|faint|p1a: king
|-end|p1a: king|fallen5|[silent]
|
|win|JudgeScrub
|raw|Papercl1p's rating: 1120 → 1093(-27 for losing)
|raw|JudgeScrub's rating: 1098 → 1125(+27 for winning)
|c|☆Papercl1p|gg wp
