|j|☆lunerfang
|j|☆Robtrainer
|t:|1685827636
|gametype|singles
|player|p1|lunerfang|supernerd|1200
|player|p2|Robtrainer|102|1210
|teamsize|p1|6
|teamsize|p2|6
|gen|9
|tier|[Gen 9] OU
|rated|
|rule|Sleep Clause Mod: Limit one foe put to sleep
|rule|Species Clause: Limit one of each Pokémon
|rule|OHKO Clause: OHKO moves are banned
|rule|Evasion Items Clause: Evasion items are banned
|rule|Evasion Moves Clause: Evasion moves are banned
|rule|Endless Battle Clause: Forcing endless battles is banned
|rule|HP Percentage Mod: HP is shown in percentages
|clearpoke
|poke|p1|Slowking-Galar, F|
|poke|p1|Hatterene, F|
|poke|p1|Samurott-Hisui, M|
|poke|p1|Zapdos|
|poke|p1|Garchomp, F|
|poke|p1|Gholdengo|
|poke|p2|Chien-Pao|
|poke|p2|Slowking-Galar, F|
|poke|p2|Ting-Lu|
|poke|p2|Frosmoth, F|
|poke|p2|Gholdengo|
|poke|p2|Glastrier|
|teampreview
|
|t:|1685827651
|start
|switch|p1a: Samurott|Samurott-Hisui, M|100/100
|switch|p2a: Gholdengo|Gholdengo|100/100
|turn|1
|inactive|Battle timer is ON: inactive players will automatically lose when time's up. (requested by lunerfang)
|
|t:|1685827659
|move|p2a: Gholdengo|Thunderbolt|p1a: Samurott
|-supereffective|p1a: Samurott
|-damage|p1a: Samurott|0 fnt
|faint|p1a: Samurott
|
|upkeep
|
|t:|1685827665
|switch|p1a: Garchomp|Garchomp, F|100/100
|turn|2
|
|t:|1685827670
|switch|p2a: Ting-Lu|Ting-Lu|100/100
|-ability|p2a: Ting-Lu|Vessel of Ruin
|move|p1a: Garchomp|Stealth Rock|p2a: Ting-Lu
|-sidestart|p2: Robtrainer|move: Stealth Rock
|
|upkeep
|turn|3
|
|t:|1685827682
|move|p1a: Garchomp|Dragon Tail|p2a: Ting-Lu
|-damage|p2a: Ting-Lu|91/100
|drag|p2a: Slowking|Slowking-Galar, F|100/100
|-damage|p2a: Slowking|88/100|[from] Stealth Rock
|
|-heal|p2a: Slowking|94/100|[from] item: Black Sludge
|upkeep
|turn|4
|
|t:|1685827694
|move|p1a: Garchomp|Earthquake|p2a: Slowking
|-supereffective|p2a: Slowking
|-damage|p2a: Slowking|6/100
|move|p2a: Slowking|Chilly Reception|p2a: Slowking
|-weather|Snow
|
|t:|1685827702
|switch|p2a: Chien-Pao|Chien-Pao|100/100|[from] Chilly Reception
|-damage|p2a: Chien-Pao|76/100|[from] Stealth Rock
|-ability|p2a: Chien-Pao|Sword of Ruin
|
|-weather|Snow|[upkeep]
|upkeep
|turn|5
|
|t:|1685827712
|switch|p1a: Hatterene|Hatterene, F|100/100
|move|p2a: Chien-Pao|Ice Spinner|p1a: Hatterene
|-damage|p1a: Hatterene|51/100
|-enditem|p1a: Hatterene|Eject Button
|
|t:|1685827716
|switch|p1a: Gholdengo|Gholdengo|100/100
|
|-weather|Snow|[upkeep]
|upkeep
|turn|6
|
|t:|1685827723
|move|p2a: Chien-Pao|Sucker Punch||[still]
|-fail|p2a: Chien-Pao
|move|p1a: Gholdengo|Nasty Plot|p1a: Gholdengo
|-boost|p1a: Gholdengo|spa|2
|
|-weather|Snow|[upkeep]
|upkeep
|turn|7
|
|t:|1685827732
|-terastallize|p2a: Chien-Pao|Dark
|-terastallize|p1a: Gholdengo|Fighting
|move|p2a: Chien-Pao|Crunch|p1a: Gholdengo
|-resisted|p1a: Gholdengo
|-damage|p1a: Gholdengo|61/100
|move|p1a: Gholdengo|Make It Rain|p2a: Chien-Pao
|-damage|p2a: Chien-Pao|0 fnt
|-unboost|p1a: Gholdengo|spa|1
|faint|p2a: Chien-Pao
|
|-weather|Snow|[upkeep]
|upkeep
|
|t:|1685827750
|switch|p2a: Gholdengo|Gholdengo|100/100
|-damage|p2a: Gholdengo|94/100|[from] Stealth Rock
|turn|8
|
|t:|1685827755
|move|p2a: Gholdengo|Make It Rain|p1a: Gholdengo
|-damage|p1a: Gholdengo|0 fnt
|-unboost|p2a: Gholdengo|spa|1
|faint|p1a: Gholdengo
|
|-weather|none
|upkeep
|
|t:|1685827760
|switch|p1a: Slowking|Slowking-Galar, F|100/100
|turn|9
|
|t:|1685827770
|switch|p2a: Slowking|Slowking-Galar, F|39/100
|-damage|p2a: Slowking|27/100|[from] Stealth Rock
|move|p1a: Slowking|Future Sight|p2a: Slowking
|-start|p1a: Slowking|move: Future Sight
|
|-heal|p2a: Slowking|33/100|[from] item: Black Sludge
|upkeep
|turn|10
|
|t:|1685827783
|switch|p1a: Garchomp|Garchomp, F|100/100
|move|p2a: Slowking|Chilly Reception|p2a: Slowking
|-weather|Snow
|
|t:|1685827801
|switch|p2a: Glastrier|Glastrier|100/100|[from] Chilly Reception
|-damage|p2a: Glastrier|75/100|[from] Stealth Rock
|
|-weather|Snow|[upkeep]
|upkeep
|turn|11
|
|t:|1685827809
|move|p2a: Glastrier|Icicle Crash|p1a: Garchomp
|-supereffective|p1a: Garchomp
|-damage|p1a: Garchomp|0 fnt
|faint|p1a: Garchomp
|-ability|p2a: Glastrier|Chilling Neigh|boost
|-boost|p2a: Glastrier|atk|1
|
|-weather|Snow|[upkeep]
|-end|p2a: Glastrier|move: Future Sight
|-damage|p2a: Glastrier|51/100
|upkeep
|
|t:|1685827838
|switch|p1a: Slowking|Slowking-Galar, F|100/100
|turn|12
|
|t:|1685827844
|move|p2a: Glastrier|Crunch|p1a: Slowking
|-supereffective|p1a: Slowking
|-damage|p1a: Slowking|1/100
|-unboost|p1a: Slowking|def|1
|move|p1a: Slowking|Flamethrower|p2a: Glastrier
|-supereffective|p2a: Glastrier
|-damage|p2a: Glastrier|28/100
|
|-weather|Snow|[upkeep]
|-heal|p1a: Slowking|7/100|[from] item: Leftovers
|upkeep
|turn|13
|inactive|lunerfang has 120 seconds left.
|c|☆lunerfang|what is that set?
|inactive|lunerfang has 90 seconds left.
|
|t:|1685827905
|move|p2a: Glastrier|Icicle Crash|p1a: Slowking
|-damage|p1a: Slowking|0 fnt
|faint|p1a: Slowking
|-ability|p2a: Glastrier|Chilling Neigh|boost
|-boost|p2a: Glastrier|atk|1
|
|-weather|Snow|[upkeep]
|upkeep
|
|t:|1685827931
|switch|p1a: Hatterene|Hatterene, F|51/100
|turn|14
|
|t:|1685827937
|move|p1a: Hatterene|Psychic|p2a: Glastrier
|-damage|p2a: Glastrier|7/100
|move|p2a: Glastrier|Crunch|p1a: Hatterene
|-damage|p1a: Hatterene|0 fnt
|faint|p1a: Hatterene
|-ability|p2a: Glastrier|Chilling Neigh|boost
|-boost|p2a: Glastrier|atk|1
|
|-weather|none
|upkeep
|inactive|lunerfang has 60 seconds left.
|inactive|lunerfang has 30 seconds left.
|
|t:|1685827985
|switch|p1a: Zapdos|Zapdos|100/100
|turn|15
|
|t:|1685827992
|switch|p2a: Slowking|Slowking-Galar, F|66/100
|-damage|p2a: Slowking|54/100|[from] Stealth Rock
|move|p1a: Zapdos|Discharge|p2a: Slowking
|-damage|p2a: Slowking|25/100
|-status|p2a: Slowking|par
|
|-heal|p2a: Slowking|31/100 par|[from] item: Black Sludge
|upkeep
|turn|16
|
|t:|1685828008
|move|p1a: Zapdos|Hurricane|p2a: Slowking
|-damage|p2a: Slowking|0 fnt
|faint|p2a: Slowking
|
|upkeep
|
|t:|1685828017
|switch|p2a: Frosmoth|Frosmoth, F|100/100
|turn|17
|c|☆lunerfang|seriously, what's up with your horse?
|
|t:|1685828021
|move|p2a: Frosmoth|Ice Beam|p1a: Zapdos
|-supereffective|p1a: Zapdos
|-damage|p1a: Zapdos|6/100
|move|p1a: Zapdos|Hurricane|p2a: Frosmoth
|-supereffective|p2a: Frosmoth
|-damage|p2a: Frosmoth|0 fnt
|faint|p2a: Frosmoth
|
|upkeep
|
|t:|1685828031
|switch|p2a: Gholdengo|Gholdengo|94/100
|-damage|p2a: Gholdengo|88/100|[from] Stealth Rock
|turn|18
|
|t:|1685828037
|move|p2a: Gholdengo|Shadow Ball|p1a: Zapdos
|-damage|p1a: Zapdos|0 fnt
|faint|p1a: Zapdos
|
|win|Robtrainer
|raw|lunerfang's rating: 1200 → 1176(-24 for losing)
|raw|Robtrainer's rating: 1210 → 1234(+24 for winning)
|l|☆Robtrainer
