|j|☆Swift Wim
|j|☆zshmoneyy
|t:|1685899648
|gametype|singles
|player|p1|Swift Wim|benga|1086
|player|p2|zshmoneyy|silver|1158
|teamsize|p1|6
|teamsize|p2|6
|gen|9
|tier|[Gen 9] OU
|rated|
|rule|Sleep Clause Mod: Limit one foe put to sleep
|rule|Species Clause: Limit one of each Pokémon
|rule|OHKO Clause: OHKO moves are banned
|rule|Evasion Items Clause: Evasion items are banned
|rule|Evasion Moves Clause: Evasion moves are banned
|rule|Endless Battle Clause: Forcing endless battles is banned
|rule|HP Percentage Mod: HP is shown in percentages
|clearpoke
|poke|p1|Braviary-Hisui, M|
|poke|p1|Decidueye-Hisui, M|
|poke|p1|Goodra-Hisui, M|
|poke|p1|Urshifu-*, M|
|poke|p1|Kleavor, F|
|poke|p1|Pelipper, F|
|poke|p2|Gholdengo|
|poke|p2|Dragonite, F|
|poke|p2|Great Tusk|
|poke|p2|Chien-Pao|
|poke|p2|Zapdos|
|poke|p2|Pelipper, M|
|teampreview
|inactive|Battle timer is ON: inactive players will automatically lose when time's up. (requested by Swift Wim)
|
|t:|1685899662
|start
|switch|p1a: Kleavor|Kleavor, F, shiny|100/100
|switch|p2a: Great Tusk|Great Tusk|100/100
|turn|1
|
|t:|1685899672
|switch|p1a: Pelipper|Pelipper, F, shiny|100/100
|-weather|RainDance|[from] ability: Drizzle|[of] p1a: Pelipper
|move|p2a: Great Tusk|Earthquake|p1a: Pelipper
|-immune|p1a: Pelipper
|
|-weather|RainDance|[upkeep]
|upkeep
|turn|2
|
|t:|1685899684
|-end|p2a: Great Tusk|Protosynthesis|[silent]
|switch|p2a: Zapdos|Zapdos|100/100
|move|p1a: Pelipper|Tailwind|p1a: Pelipper
|-sidestart|p1: Swift Wim|move: Tailwind
|
|-weather|RainDance|[upkeep]
|upkeep
|turn|3
|
|t:|1685899693
|switch|p1a: Goodra|Goodra-Hisui, M, shiny|100/100
|move|p2a: Zapdos|Thunder|p1a: Goodra
|-resisted|p1a: Goodra
|-damage|p1a: Goodra|81/100
|
|-weather|RainDance|[upkeep]
|-heal|p1a: Goodra|87/100|[from] item: Leftovers
|upkeep
|turn|4
|
|t:|1685899707
|switch|p2a: Gholdengo|Gholdengo|100/100
|-item|p2a: Gholdengo|Air Balloon
|move|p1a: Goodra|Curse|p1a: Goodra
|-unboost|p1a: Goodra|spe|1
|-boost|p1a: Goodra|atk|1
|-boost|p1a: Goodra|def|1
|
|-weather|RainDance|[upkeep]
|-heal|p1a: Goodra|93/100|[from] item: Leftovers
|upkeep
|turn|5
|
|t:|1685899716
|move|p2a: Gholdengo|Nasty Plot|p2a: Gholdengo
|-boost|p2a: Gholdengo|spa|2
|move|p1a: Goodra|Ice Spinner|p2a: Gholdengo
|-resisted|p2a: Gholdengo
|-damage|p2a: Gholdengo|83/100
|-enditem|p2a: Gholdengo|Air Balloon
|
|-weather|none
|-heal|p1a: Goodra|99/100|[from] item: Leftovers
|-sideend|p1: Swift Wim|move: Tailwind
|upkeep
|turn|6
|
|t:|1685899726
|move|p2a: Gholdengo|Shadow Ball|p1a: Goodra
|-crit|p1a: Goodra
|-damage|p1a: Goodra|27/100
|move|p1a: Goodra|Earthquake|p2a: Gholdengo
|-supereffective|p2a: Gholdengo
|-damage|p2a: Gholdengo|2/100
|
|-heal|p1a: Goodra|33/100|[from] item: Leftovers
|upkeep
|turn|7
|
|t:|1685899735
|move|p2a: Gholdengo|Shadow Ball|p1a: Goodra
|-damage|p1a: Goodra|0 fnt
|faint|p1a: Goodra
|
|upkeep
|
|t:|1685899746
|switch|p1a: Decidueye|Decidueye-Hisui, M, shiny|100/100
|turn|8
|
|t:|1685899753
|move|p1a: Decidueye|Sucker Punch||[still]
|-fail|p1a: Decidueye
|move|p2a: Gholdengo|Recover|p2a: Gholdengo
|-heal|p2a: Gholdengo|52/100
|
|upkeep
|turn|9
|
|t:|1685899762
|switch|p2a: Pelipper|Pelipper, M|100/100
|-weather|RainDance|[from] ability: Drizzle|[of] p2a: Pelipper
|move|p1a: Decidueye|Triple Arrows|p2a: Pelipper
|-resisted|p2a: Pelipper
|-damage|p2a: Pelipper|84/100
|-unboost|p2a: Pelipper|def|1
|
|-weather|RainDance|[upkeep]
|upkeep
|turn|10
|
|t:|1685899780
|switch|p1a: Braviary|Braviary-Hisui, M, shiny|100/100
|move|p2a: Pelipper|Hurricane|p1a: Braviary
|-damage|p1a: Braviary|50/100
|
|-weather|RainDance|[upkeep]
|upkeep
|turn|11
|
|t:|1685899795
|move|p1a: Braviary|Hurricane|p2a: Pelipper
|-damage|p2a: Pelipper|0 fnt
|faint|p2a: Pelipper
|
|-weather|RainDance|[upkeep]
|upkeep
|
|t:|1685899803
|switch|p2a: Chien-Pao|Chien-Pao|100/100
|-ability|p2a: Chien-Pao|Sword of Ruin
|turn|12
|inactive|Swift Wim has 120 seconds left.
|
|t:|1685899849
|switch|p1a: Urshifu|Urshifu-Rapid-Strike, M|100/100
|move|p2a: Chien-Pao|Icicle Crash|p1a: Urshifu
|-resisted|p1a: Urshifu
|-crit|p1a: Urshifu
|-damage|p1a: Urshifu|59/100
|
|-weather|RainDance|[upkeep]
|upkeep
|turn|13
|
|t:|1685899868
|switch|p2a: Zapdos|Zapdos|100/100
|move|p1a: Urshifu|Surging Strikes|p2a: Zapdos
|-crit|p2a: Zapdos
|-damage|p2a: Zapdos|62/100
|-status|p1a: Urshifu|par|[from] ability: Static|[of] p2a: Zapdos
|-crit|p2a: Zapdos
|-damage|p2a: Zapdos|27/100
|-crit|p2a: Zapdos
|-damage|p2a: Zapdos|0 fnt
|faint|p2a: Zapdos
|-hitcount|p2: Zapdos|3
|
|-weather|RainDance|[upkeep]
|upkeep
|inactive|zshmoneyy has 120 seconds left.
|
|t:|1685899888
|switch|p2a: Dragonite|Dragonite, F|100/100
|turn|14
|inactive|zshmoneyy has 120 seconds left.
|
|t:|1685899900
|move|p2a: Dragonite|Dragon Dance|p2a: Dragonite
|-boost|p2a: Dragonite|atk|1
|-boost|p2a: Dragonite|spe|1
|move|p1a: Urshifu|U-turn|p2a: Dragonite
|-resisted|p2a: Dragonite
|-damage|p2a: Dragonite|94/100
|
|t:|1685899919
|switch|p1a: Pelipper|Pelipper, F, shiny|100/100|[from] U-turn
|
|-weather|RainDance|[upkeep]
|upkeep
|turn|15
|inactive|zshmoneyy has 120 seconds left.
|
|t:|1685899935
|move|p2a: Dragonite|Dragon Dance|p2a: Dragonite
|-boost|p2a: Dragonite|atk|1
|-boost|p2a: Dragonite|spe|1
|move|p1a: Pelipper|Tailwind|p1a: Pelipper
|-sidestart|p1: Swift Wim|move: Tailwind
|
|-weather|RainDance|[upkeep]
|upkeep
|turn|16
|
|t:|1685899943
|move|p2a: Dragonite|Extreme Speed|p1a: Pelipper
|-damage|p1a: Pelipper|42/100
|move|p1a: Pelipper|Chilling Water|p2a: Dragonite
|-resisted|p2a: Dragonite
|-damage|p2a: Dragonite|80/100
|-unboost|p2a: Dragonite|atk|1
|
|-weather|none
|upkeep
|turn|17
|inactive|Swift Wim has 120 seconds left.
|
|t:|1685899954
|move|p2a: Dragonite|Extreme Speed|p1a: Pelipper
|-damage|p1a: Pelipper|0 fnt
|faint|p1a: Pelipper
|
|upkeep
|inactive|Swift Wim has 120 seconds left.
|
|t:|1685899972
|switch|p1a: Kleavor|Kleavor, F, shiny|100/100
|turn|18
|
|t:|1685899982
|-terastallize|p2a: Dragonite|Normal
|move|p1a: Kleavor|Stone Axe|p2a: Dragonite
|-damage|p2a: Dragonite|19/100
|-sidestart|p2: zshmoneyy|move: Stealth Rock
|move|p2a: Dragonite|Earthquake|p1a: Kleavor
|-damage|p1a: Kleavor|24/100
|
|-sideend|p1: Swift Wim|move: Tailwind
|upkeep
|turn|19
|inactive|Swift Wim has 120 seconds left.
|
|t:|1685900002
|move|p2a: Dragonite|Extreme Speed|p1a: Kleavor
|-resisted|p1a: Kleavor
|-damage|p1a: Kleavor|0 fnt
|-damage|p2a: Dragonite|3/100|[from] item: Rocky Helmet|[of] p1a: Kleavor
|faint|p1a: Kleavor
|
|upkeep
|
|t:|1685900009
|switch|p1a: Decidueye|Decidueye-Hisui, M, shiny|100/100
|turn|20
|
|t:|1685900014
|move|p2a: Dragonite|Extreme Speed|p1a: Decidueye
|-damage|p1a: Decidueye|30/100
|move|p1a: Decidueye|Sucker Punch||[still]
|-fail|p1a: Decidueye
|
|-heal|p1a: Decidueye|36/100|[from] item: Leftovers
|upkeep
|turn|21
|-message|Swift Wim forfeited.
|
|win|zshmoneyy
|raw|Swift Wim's rating: 1086 → 1068(-18 for losing)
|raw|zshmoneyy's rating: 1158 → 1178(+20 for winning)
|l|☆Swift Wim
