|j|☆scovillainkinnie
|j|☆Gummy The Worm
|t:|1685924680
|gametype|singles
|player|p1|scovillainkinnie|lady-gen4|1096
|player|p2|Gummy The Worm|101|1099
|teamsize|p1|6
|teamsize|p2|6
|gen|9
|tier|[Gen 9] OU
|rated|
|rule|Sleep Clause Mod: Limit one foe put to sleep
|rule|Species Clause: Limit one of each Pokémon
|rule|OHKO Clause: OHKO moves are banned
|rule|Evasion Items Clause: Evasion items are banned
|rule|Evasion Moves Clause: Evasion moves are banned
|rule|Endless Battle Clause: Forcing endless battles is banned
|rule|HP Percentage Mod: HP is shown in percentages
|clearpoke
|poke|p1|Corviknight, F|
|poke|p1|Gholdengo|
|poke|p1|Heatran, F|
|poke|p1|Chien-Pao|
|poke|p1|Electrode-Hisui|
|poke|p1|Landorus-Therian, M|
|poke|p2|Basculegion-F, F|
|poke|p2|Mew|
|poke|p2|Zapdos|
|poke|p2|Ursaluna, F|
|poke|p2|Hoopa-Unbound|
|poke|p2|Zarude-Dada|
|teampreview
|
|t:|1685924695
|start
|switch|p1a: Electrode|Electrode-Hisui|100/100
|switch|p2a: Mew|Mew|100/100
|turn|1
|
|t:|1685924704
|move|p1a: Electrode|Volt Switch|p2a: Mew
|-damage|p2a: Mew|65/100
|
|t:|1685924713
|switch|p1a: Landorus|Landorus-Therian, M|100/100|[from] Volt Switch
|-ability|p1a: Landorus|Intimidate|boost
|-unboost|p2a: Mew|atk|1
|move|p2a: Mew|Calm Mind|p2a: Mew
|-boost|p2a: Mew|spa|1
|-boost|p2a: Mew|spd|1
|
|-heal|p2a: Mew|71/100|[from] item: Leftovers
|upkeep
|turn|2
|
|t:|1685924721
|move|p2a: Mew|Iron Defense|p2a: Mew
|-boost|p2a: Mew|def|2
|move|p1a: Landorus|U-turn|p2a: Mew
|-supereffective|p2a: Mew
|-damage|p2a: Mew|53/100
|
|t:|1685924731
|switch|p1a: Heatran|Heatran, F|100/100|[from] U-turn
|
|-heal|p2a: Mew|59/100|[from] item: Leftovers
|upkeep
|turn|3
|
|t:|1685924736
|move|p2a: Mew|Iron Defense|p2a: Mew
|-boost|p2a: Mew|def|2
|move|p1a: Heatran|Magma Storm|p2a: Mew
|-damage|p2a: Mew|33/100
|-activate|p2a: Mew|move: Magma Storm|[of] p1a: Heatran
|
|-heal|p2a: Mew|39/100|[from] item: Leftovers
|-damage|p2a: Mew|27/100|[from] move: Magma Storm|[partiallytrapped]
|upkeep
|turn|4
|
|t:|1685924744
|move|p2a: Mew|Stored Power|p1a: Heatran
|-resisted|p1a: Heatran
|-damage|p1a: Heatran|68/100
|move|p1a: Heatran|Stealth Rock|p2a: Mew
|-sidestart|p2: Gummy The Worm|move: Stealth Rock
|
|-heal|p2a: Mew|33/100|[from] item: Leftovers
|-heal|p1a: Heatran|74/100|[from] item: Leftovers
|-damage|p2a: Mew|21/100|[from] move: Magma Storm|[partiallytrapped]
|upkeep
|turn|5
|
|t:|1685924754
|switch|p1a: Chien-Pao|Chien-Pao|100/100
|-ability|p1a: Chien-Pao|Sword of Ruin
|move|p2a: Mew|Stored Power|p1a: Chien-Pao
|-immune|p1a: Chien-Pao
|
|-heal|p2a: Mew|27/100|[from] item: Leftovers
|-end|p2a: Mew|Magma Storm|[partiallytrapped]|[silent]
|upkeep
|turn|6
|
|t:|1685924764
|move|p1a: Chien-Pao|Ice Spinner|p2a: Mew
|-damage|p2a: Mew|4/100
|move|p2a: Mew|Giga Drain|p1a: Chien-Pao
|-damage|p1a: Chien-Pao|47/100
|-heal|p2a: Mew|25/100|[from] drain|[of] p1a: Chien-Pao
|
|-heal|p2a: Mew|31/100|[from] item: Leftovers
|upkeep
|turn|7
|
|t:|1685924778
|switch|p1a: Heatran|Heatran, F|74/100
|move|p2a: Mew|Giga Drain|p1a: Heatran
|-resisted|p1a: Heatran
|-damage|p1a: Heatran|69/100
|-heal|p2a: Mew|33/100|[from] drain|[of] p1a: Heatran
|
|-heal|p2a: Mew|40/100|[from] item: Leftovers
|-heal|p1a: Heatran|75/100|[from] item: Leftovers
|upkeep
|turn|8
|
|t:|1685924791
|move|p2a: Mew|Calm Mind|p2a: Mew
|-boost|p2a: Mew|spa|1
|-boost|p2a: Mew|spd|1
|move|p1a: Heatran|Magma Storm|p2a: Mew
|-damage|p2a: Mew|23/100
|-activate|p2a: Mew|move: Magma Storm|[of] p1a: Heatran
|
|-heal|p2a: Mew|29/100|[from] item: Leftovers
|-heal|p1a: Heatran|81/100|[from] item: Leftovers
|-damage|p2a: Mew|16/100|[from] move: Magma Storm|[partiallytrapped]
|upkeep
|turn|9
|
|t:|1685924800
|move|p2a: Mew|Stored Power|p1a: Heatran
|-resisted|p1a: Heatran
|-damage|p1a: Heatran|32/100
|move|p1a: Heatran|Will-O-Wisp|p2a: Mew
|-status|p2a: Mew|brn
|-activate|p2a: Mew|ability: Synchronize
|-immune|p1a: Heatran
|
|-heal|p2a: Mew|23/100 brn|[from] item: Leftovers
|-heal|p1a: Heatran|39/100|[from] item: Leftovers
|-damage|p2a: Mew|16/100 brn|[from] brn
|-damage|p2a: Mew|4/100 brn|[from] move: Magma Storm|[partiallytrapped]
|upkeep
|turn|10
|
|t:|1685924813
|move|p1a: Heatran|Protect|p1a: Heatran
|-singleturn|p1a: Heatran|Protect
|move|p2a: Mew|Stored Power|p1a: Heatran
|-activate|p1a: Heatran|move: Protect
|
|-heal|p2a: Mew|10/100 brn|[from] item: Leftovers
|-heal|p1a: Heatran|45/100|[from] item: Leftovers
|-damage|p2a: Mew|4/100 brn|[from] brn
|-damage|p2a: Mew|0 fnt|[from] move: Magma Storm|[partiallytrapped]
|faint|p2a: Mew
|upkeep
|
|t:|1685924825
|switch|p2a: Basculegion|Basculegion-F, F|100/100
|-damage|p2a: Basculegion|88/100|[from] Stealth Rock
|turn|11
|
|t:|1685924854
|move|p2a: Basculegion|Surf|p1a: Heatran
|-supereffective|p1a: Heatran
|-damage|p1a: Heatran|0 fnt
|faint|p1a: Heatran
|
|upkeep
|
|t:|1685924858
|switch|p1a: Electrode|Electrode-Hisui|100/100
|turn|12
|
|t:|1685924871
|switch|p2a: Zarude|Zarude-Dada|100/100
|move|p1a: Electrode|Energy Ball|p2a: Zarude
|-resisted|p2a: Zarude
|-damage|p2a: Zarude|77/100
|
|upkeep
|turn|13
|
|t:|1685924883
|switch|p1a: Corviknight|Corviknight, F|100/100
|-ability|p1a: Corviknight|Pressure
|move|p2a: Zarude|U-turn|p1a: Corviknight
|-resisted|p1a: Corviknight
|-damage|p1a: Corviknight|97/100
|-damage|p2a: Zarude|60/100|[from] item: Rocky Helmet|[of] p1a: Corviknight
|
|t:|1685924896
|switch|p2a: Zapdos|Zapdos|100/100|[from] U-turn
|-damage|p2a: Zapdos|76/100|[from] Stealth Rock
|
|-heal|p2a: Zapdos|82/100|[from] item: Leftovers
|upkeep
|turn|14
|
|t:|1685924904
|switch|p1a: Landorus|Landorus-Therian, M|100/100
|-ability|p1a: Landorus|Intimidate|boost
|-unboost|p2a: Zapdos|atk|1
|move|p2a: Zapdos|Volt Switch|p1a: Landorus
|-immune|p1a: Landorus
|
|-heal|p2a: Zapdos|88/100|[from] item: Leftovers
|upkeep
|turn|15
|
|t:|1685924913
|move|p2a: Zapdos|Hurricane|p1a: Landorus
|-damage|p1a: Landorus|72/100
|move|p1a: Landorus|Stone Edge|p2a: Zapdos
|-supereffective|p2a: Zapdos
|-damage|p2a: Zapdos|15/100
|
|-heal|p2a: Zapdos|21/100|[from] item: Leftovers
|upkeep
|turn|16
|
|t:|1685924924
|switch|p2a: Basculegion|Basculegion-F, F|88/100
|-damage|p2a: Basculegion|76/100|[from] Stealth Rock
|move|p1a: Landorus|Tera Blast|p2a: Basculegion
|-immune|p2a: Basculegion
|
|upkeep
|turn|17
|
|t:|1685924936
|-terastallize|p1a: Landorus|Water
|move|p2a: Basculegion|Surf|p1a: Landorus
|-resisted|p1a: Landorus
|-damage|p1a: Landorus|58/100
|move|p1a: Landorus|U-turn|p2a: Basculegion
|-resisted|p2a: Basculegion
|-damage|p2a: Basculegion|61/100
|
|t:|1685924943
|switch|p1a: Electrode|Electrode-Hisui|100/100|[from] U-turn
|
|upkeep
|turn|18
|
|t:|1685924958
|move|p1a: Electrode|Volt Switch|p2a: Basculegion
|-supereffective|p2a: Basculegion
|-damage|p2a: Basculegion|0 fnt
|faint|p2a: Basculegion
|
|t:|1685924965
|switch|p1a: Chien-Pao|Chien-Pao|47/100|[from] Volt Switch
|-ability|p1a: Chien-Pao|Sword of Ruin
|
|upkeep
|
|t:|1685924973
|switch|p2a: Zapdos|Zapdos|21/100
|-damage|p2a: Zapdos|0 fnt|[from] Stealth Rock
|faint|p2a: Zapdos
|
|t:|1685924977
|switch|p2a: Ursaluna|Ursaluna, F|100/100
|-damage|p2a: Ursaluna|94/100|[from] Stealth Rock
|turn|19
|
|t:|1685924986
|move|p1a: Chien-Pao|Ice Spinner|p2a: Ursaluna
|-supereffective|p2a: Ursaluna
|-damage|p2a: Ursaluna|0 fnt
|faint|p2a: Ursaluna
|
|upkeep
|
|t:|1685924992
|switch|p2a: Hoopa|Hoopa-Unbound|100/100
|-damage|p2a: Hoopa|88/100|[from] Stealth Rock
|turn|20
|inactive|Battle timer is ON: inactive players will automatically lose when time's up. (requested by Gummy The Worm)
|
|t:|1685925011
|-terastallize|p2a: Hoopa|Dark
|move|p1a: Chien-Pao|Ice Spinner|p2a: Hoopa
|-damage|p2a: Hoopa|0 fnt
|faint|p2a: Hoopa
|
|upkeep
|-message|Gummy The Worm forfeited.
|
|win|scovillainkinnie
|raw|scovillainkinnie's rating: 1096 → 1122(+26 for winning)
|raw|Gummy The Worm's rating: 1099 → 1074(-25 for losing)
|c|☆scovillainkinnie|naur
|c|☆scovillainkinnie|gg
